%% http://www.net.t-labs.tu-berlin.de/~petr/ADC-07/papers/DLS88.pdf
@article{Dwork:1988dr,
author = {Dwork, Cynthia and Lynch, Nancy A and Stockmeyer, Larry},
title = {Consensus in the presence of partial synchrony},
journal = {Journal of the ACM},
year = {1988},
volume = {35},
number = {2},
pages = {288--323},
month = apr,
doi = {10.1145/42282.42283},
url = {http://www.net.t-labs.tu-berlin.de/~petr/ADC-07/papers/DLS88.pdf}
}

@techreport{Waldo:1994wx,
author = {Waldo, Jim and Wyant, Geoff and Wollrath, Ann and Kendall, Sam},
title = {A Note on Distributed Computing},
institution = {Sun Microsystems Laboratories},
number = {TR-94-29},
year = {1994},
url = {http://m.mirror.facebook.net/kde/devel/smli_tr-94-29.pdf}
}

@phdthesis{Fielding:2000,
author = {Fielding, Roy Thomas},
title = {Architectural Styles and the Design of Network-based Software Architectures},
school = {University of California, Irvine},
year = {2000},
url = {https://www.ics.uci.edu/~fielding/pubs/dissertation/top.htm}
}

@incollection{Gray:1978,
author = {Gray, Jim N.},
editor = {Bayer, R. and Graham, R.M. and Seegm√ºller, G.},
title = {Notes on data base operating systems},
booktitle = {Operating Systems},
pages = {393--481},
year = {1978},
series = {LNCS},
volume = {60},
publisher = {Springer},
doi = {10.1007/3-540-08755-9_9},
url = {http://jimgray.azurewebsites.net/papers/dbos.pdf}
}

@article{Lamport:1982,
author = {Lamport, Leslie and Shostak, Robert and Pease, Marshall},
title = {The {Byzantine} Generals Problem},
journal = {ACM Transactions on Programming Languages and Systems},
volume = {4},
number = {3},
pages = {382--401},
year = {1982},
doi = {10.1145/357172.357176},
url = {http://research.microsoft.com/en-us/um/people/lamport/pubs/byz.pdf},
}

@article{Bailis:2014jx,
author = {Bailis, Peter and Kingsbury, Kyle},
title = {The Network is Reliable},
journal = {ACM Queue},
volume = {12},
number = {7},
year = {2014},
doi = {10.1145/2639988.2639988},
url = {https://queue.acm.org/detail.cfm?id=2655736}
}

@misc{Imbriaco:2012tx,
author = {Imbriaco, Mark},
title = {Downtime last {Saturday}},
year = {2012},
month = dec,
url = {https://github.com/blog/1364-downtime-last-saturday}
}

@misc{Thompson:2013,
author = {Thompson, Martin},
title = {Java Garbage Collection Distilled},
year = {2013},
month = jun,
url = {https://www.infoq.com/articles/Java_Garbage_Collection_Distilled/}
}

@article{Chandra:1996,
author = {Chandra, Tushar Deepak and Toueg, Sam},
title = {Unreliable failure detectors for reliable distributed systems},
journal = {Journal of the ACM},
volume = {43},
number = {2},
pages = {225--267},
year = {1996},
month = mar,
doi = {10.1145/226643.226647},
url = {http://courses.csail.mit.edu/6.852/08/papers/CT96-JACM.pdf}
}

@misc{Allen:2013,
author = {Allen, Steven L.},
title = {Planes will crash! {T}hings that leap seconds didn't, and did, cause},
year = {2013},
url = {http://www.hanksville.org/futureofutc/preprints/files/2_AAS%2013-502_Allen.pdf}
}

@misc{Minar:2012,
author = {Minar, Nelson},
title = {Leap Second crashes half the internet},
year = {2012},
month = jul,
url = {http://www.somebits.com/weblog/tech/bad/leap-second-2012.html}
}
